<record><leader>00000cas a22000007a 4500</leader><controlfield tag="001">15340782</controlfield><controlfield tag="008">870318d19071908iauwr ne      0    0eng d</controlfield><datafield ind1=" " ind2=" " tag="010"><subfield code="a">sn 87057390 </subfield></datafield><datafield ind1=" " ind2=" " tag="040"><subfield code="a">INP</subfield><subfield code="b">eng</subfield><subfield code="c">INP</subfield><subfield code="d">OCLCQ</subfield></datafield><datafield ind1=" " ind2=" " tag="042"><subfield code="a">msc</subfield></datafield><datafield ind1="0" ind2=" " tag="130"><subfield code="a">Weekly Democrat (Atlantic, Iowa)</subfield></datafield><datafield ind1="1" ind2="4" tag="245"><subfield code="a">The weekly Democrat.</subfield></datafield><datafield ind1=" " ind2=" " tag="260"><subfield code="a">Atlantic, Iowa :</subfield><subfield code="b">Democrat Pub. Co.,</subfield><subfield code="c">1907-1908.</subfield></datafield><datafield ind1=" " ind2=" " tag="300"><subfield code="a">2 v. :</subfield><subfield code="b">ill. ;</subfield><subfield code="c">54 cm.</subfield></datafield><datafield ind1=" " ind2=" " tag="310"><subfield code="a">Weekly</subfield></datafield><datafield ind1="0" ind2=" " tag="362"><subfield code="a">Vol. 27, no. 45 (May 23, 1907)-v. 28, no. 34 (Mar. 5, 1908).</subfield></datafield><datafield ind1=" " ind2=" " tag="500"><subfield code="a">Official newspaper of Cass County.</subfield></datafield><datafield ind1=" " ind2=" " tag="515"><subfield code="a">Vol. 27, no. 48 (June 13, 1907)-v. 28, no. 34 (Mar. 5, 1908) called also new ser., v. 1, no. 4-v. 1, no. 42.</subfield></datafield><datafield ind1=" " ind2=" " tag="752"><subfield code="a">United States</subfield><subfield code="b">Iowa</subfield><subfield code="c">Cass</subfield><subfield code="d">Atlantic.</subfield></datafield><datafield ind1="0" ind2=" " tag="775"><subfield code="t">Daily Democrat (Atlantic, Iowa)</subfield><subfield code="w">(DLC)sn 85049632</subfield></datafield><datafield ind1="0" ind2="0" tag="780"><subfield code="t">Cass County Democrat</subfield><subfield code="w">(DLC)sn 86060315</subfield></datafield><datafield ind1="0" ind2="0" tag="785"><subfield code="t">Weekly news (Atlantic, Iowa)</subfield><subfield code="w">(DLC)sn 86060316</subfield></datafield></record>